%proposal refs
%article
@Article{WebBasedAutomation,
author = {Ashok, J and Chavan, J and Patil, P and Naik, P},
title = {Advanced Control Web Based Home Automation with Raspberry Pi},
journal = {International Journal of Advance Research, Ideas and Innovations in Technology},
year = {2017},
volume = {3},
number = {2},
pages = {221-223},
}

%article
@Article{WebPhoneAutomation,
author = {Rao, B and Uma, S},
title = {Raspberry Pi Home Automation with Wireless Sensors Using Smart Phone},
journal = {International Journal of Computer Science and Mobile Computer},
year = {2015},
volume = {4},
number = {5},
pages = {797-803},
}

%paper
@Article{PrivacyImpact,
author = {Yohannes Tarekegn, Bertukan},
title = {Associating the Impact of Smart Home Technologies on Privacy},
year = {2016},
}

%paper
@Article{FutureSmartHomes,
author = {Fleury, Anthony},
title = {Future of Smart Homes: Application of Intelligent Technolgies Towards Smarter Urban Future},
year = {2016},
}

%paper
@Article{TouchscreenAutomation,
author = {Baranda, P and Pandya, P and Chaudhary, K},
title = {Touchscreen Based Home Automation System},
year = {2014},
}

%lit review refs
@article{IoTBigData,
  title={A smart home energy management system using IOT and big data analytics approach},
  author={Al-Ali, AR and Zualkernan, Imran A and Rashid, Mohammed and Gupta, Ragini and Alikarar, Mazin},
  journal={IEEE Transactions on Consumer Electronics},
  volume={63},
  number={4},
  pages={426--434},
  year={2017},
  publisher={IEEE}
}

@inproceedings{lossofauto,
  title={An intelligent model of home support for people with loss of autonomy: A novel approach},
  author={Dahmani, Kawtar and Tahiri, Abderrahim and Habert, Olivier and Elmeftouhi, Yassine},
  booktitle={Control, Decision and Information Technologies (CoDIT), 2016 International Conference on},
  pages={182--185},
  year={2016},
  organization={IEEE}
}

@inproceedings{iotlegislation,
  title={Emerging trends in IoT standards and legislation},
  author={Joshi, RD and Kulkarni, CD and Patki, AB and Wani, PW},
  booktitle={Internet of Things and Applications (IOTA), International Conference on},
  pages={373--378},
  year={2016},
  organization={IEEE}
}

@article{smartplug,
  title={Security vulnerabilities of internet of things: A case study of the smart plug system},
  author={Ling, Zhen and Luo, Junzhou and Xu, Yiling and Gao, Chao and Wu, Kui and Fu, Xinwen},
  journal={IEEE Internet of Things Journal},
  volume={4},
  number={6},
  pages={1899--1909},
  year={2017},
  publisher={IEEE}
}

@article{evaluateiotsecurity,
  title={Evaluating critical security issues of the IoT world: Present and Future challenges},
  author={Frustaci, Mario and Pasquale, PACE and Gianluca, Aloi and Fortino, Giancarlo},
  journal={IEEE Internet of Things Journal},
  year={2017},
  publisher={IEEE}
}

@inproceedings{futureofsmarthomes,
  title={FUTURE OF SMART HOMES: APPLICATION OF INTELLIGENT TECHNOLOGIES TOWARDS SMARTER URBAN FUTURE},
  author={Ghaffarian-Hoseini, Ali and Tookey, John and Omrany, Hossein and Fleury, Anthony and Naismith, Nicola and Ghaffarian-Hoseini, Mahdiar},
  year={2016}
}

@article{smarthomecomms,
  title={Smart home communication technologies and applications: Wireless protocol assessment for home area network resources},
  author={Mendes, Tiago DP and Godina, Radu and Rodrigues, Eduardo MG and Matias, Jo{\~a}o CO and Catal{\~a}o, Jo{\~a}o PS},
  journal={Energies},
  volume={8},
  number={7},
  pages={7279--7311},
  year={2015},
  publisher={Multidisciplinary Digital Publishing Institute}
}

@article{iotehs,
  title={Internet of Things (IoT) in high-risk Environment, Health and Safety (EHS) industries: A comprehensive review},
  author={Thibaud, Montbel and Chi, Huihui and Zhou, Wei and Piramuthu, Selwyn},
  journal={Decision Support Systems},
  volume={108},
  pages={79--95},
  year={2018},
  publisher={Elsevier}
}

@manual{sensorsinhealthcare,
  title={Internet of Things (IoT) Sensors in Healthcare: Global Markets and Technologies},
  author={Michael Sullivan},
  year={2018},
  organization={BCC Research}
}

@manual{ukenergy,
  title={ENERGY CONSUMPTION IN THE UK},
  author={Liz Waters},
  year={2018},
  organization={Department for Business, Energy \& Industrial Strategy}
}

@article{elderlydisabled,
  title={Health and emergency-care platform for the elderly and disabled people in the Smart City},
  author={Hussain, Aamir and Wenbi, Rao and Silva, Aristides and Nadher, Mohammed and Mudhish, Mohammed },
  journal={Journal of Systems and Software},
  volume={110},
  pages={253--263},
  year={2015},
  publisher={Elsevier}
}

@inproceedings{homeiot,
  title={HOME AUTOMATION USING IoT},
  author={Kshirsagar, Pravin and  Sondrikar, Raj and  Kamble, Akshay and  Humane, Aayush and Thakare, Ashish },
  year={2018},
  organization={College of Engineering \& Management}
}

@inproceedings{androidhas,
  title={Home automation system with android application},
  author={Azni, Mohd Nor and Vellasami, L and Zianal, AH and Mohammed, FA and Daud, NN Mohd and Vejasegaran, R and Basharudin, NW and Jusoh, M and Azir, Ku and Kan, PL Eh},
  booktitle={Electronic Design (ICED), 2016 3rd International Conference on},
  pages={299--303},
  year={2016},
  organization={IEEE}
}

@inproceedings{pwa,
  title={Progressive web apps: An alternative to the native mobile Apps},
  author={Fortunato, David and Bernardino, Jorge},
  booktitle={2018 13th Iberian Conference on Information Systems and Technologies (CISTI)},
  pages={1--6},
  year={2018},
  organization={IEEE}
}